<record xmlns:xsi="http://www.w3.org/2001/XMLSchema-instance" xmlns="http://www.loc.gov/MARC21/slim" xsi:schemaLocation="http://www.loc.gov/MARC21/slim http://www.loc.gov/standards/marcxml/schema/MARC21slim.xsd">

  <leader>00822nam a2200229Ia 4500</leader>
  <datafield ind2=" " tag="999" ind1=" ">
    <subfield code="c">895</subfield>
    <subfield code="d">895</subfield>
  </datafield>
  <controlfield tag="008">170301b2002    cr ||||| |||| 00| | spa d</controlfield>
  <datafield ind2=" " ind1=" " tag="020">
    <subfield code="a">  9968892009</subfield>
  </datafield>
  <datafield tag="090" ind1=" " ind2=" ">
    <subfield code="a">06.03.06 </subfield>
    <subfield code="b">1048</subfield>
  </datafield>
  <datafield ind2=" " ind1="1" tag="100">
    <subfield code="9">2498</subfield>
    <subfield code="a">Jiménez Sandoval, Rodrigo</subfield>
  </datafield>
  <datafield ind2="4" tag="245" ind1="1">
    <subfield code="a">Las personas con discapacidad en la educación superior (Una propuesta para la diversidad y la igualdad) / </subfield>
    <subfield code="c">Rodrigo Jiménez Sandoval, editor/a</subfield>
  </datafield>
  <datafield ind2=" " tag="260" ind1=" ">
    <subfield code="a">San José, Costa Rica : </subfield>
    <subfield code="b">La Fundación, </subfield>
    <subfield code="c">2002</subfield>
  </datafield>
  <datafield ind1=" " tag="300" ind2=" ">
    <subfield code="a">167 páginas</subfield>
  </datafield>
  <datafield tag="650" ind1="1" ind2="4">
    <subfield code="9">8</subfield>
    <subfield code="a">EDUCACIÓN SUPERIOR</subfield>
  </datafield>
  <datafield ind1="1" tag="650" ind2="4">
    <subfield code="a">PERSONAS CON DISCAPACIDAD</subfield>
    <subfield code="9">1369</subfield>
  </datafield>
  <datafield ind2="4" ind1="1" tag="650">
    <subfield code="a">DERECHOS HUMANOS</subfield>
    <subfield code="9">588</subfield>
  </datafield>
  <datafield ind1="1" tag="650" ind2="4">
    <subfield code="9">320</subfield>
    <subfield code="a">ACCESO A LA EDUCACIÓN</subfield>
  </datafield>
  <datafield ind1="1" tag="650" ind2="4">
    <subfield code="a">DISCRIMINACIÓN </subfield>
    <subfield code="9">667</subfield>
  </datafield>
  <datafield ind2="4" ind1="1" tag="650">
    <subfield code="a">DIVERSIDAD CULTURAL</subfield>
    <subfield code="9">829</subfield>
  </datafield>
  <datafield ind2="4" tag="650" ind1="1">
    <subfield code="a">ASPECTOS LEGALES</subfield>
    <subfield code="9">2193</subfield>
  </datafield>
  <datafield ind2="4" ind1="1" tag="650">
    <subfield code="a">ADECUACIÓN CURRICULAR</subfield>
    <subfield code="9">2499</subfield>
  </datafield>
  <datafield ind1=" " tag="942" ind2=" ">
    <subfield code="2">z</subfield>
    <subfield code="c">01</subfield>
  </datafield>
</record>